NY000010000080802190092000876730000000000000000000000000000000000000000000000000
NY090020001156543000021381011174868000000000000000000000000000000000000000000000
NY09133000000010708061907100261000000000000016695            3001800005113000000
NY091331000000100000000008601666050000000070806810185988330000000000000000000000
NY09133000000020708061907100261000000000000949113            3001901179114000000
NY091331000000200000000004701793430000000070806450919589220000000000000000000000
NY09133000000030708061907900359000000000000492743            3000101093117000000
NY091331000000300000000004336806340000000070806433613189010000000000000000000000
NY090088000000030000000800000000001458551070806070806070806000000000000000000000
NY000089000000030000001000000000001458551070806000000000000000000000000000000000
